@article{ProphetRouter:original,
 author = {Lindgren, Anders and Doria, Avri and Schel{\'e}n, Olov},
 title = {Probabilistic routing in intermittently connected networks},
 journal = {SIGMOBILE Mob. Comput. Commun. Rev.},
 issue_date = {July 2003},
 volume = {7},
 number = {3},
 month = jul,
 year = {2003},
 issn = {1559-1662},
 pages = {19--20},
 numpages = {2},
 url = {http://doi.acm.org/10.1145/961268.961272},
 doi = {10.1145/961268.961272},
 acmid = {961272},
 publisher = {ACM},
 address = {New York, NY, USA},
} 

@inproceedings{SprayAndWaitRouter:original,
 author = {Spyropoulos, Thrasyvoulos and Psounis, Konstantinos and Raghavendra, Cauligi S.},
 title = {Spray and wait: an efficient routing scheme for intermittently connected mobile networks},
 booktitle = {Proceedings of the 2005 ACM SIGCOMM workshop on Delay-tolerant networking},
 series = {WDTN '05},
 year = {2005},
 isbn = {1-59593-026-4},
 location = {Philadelphia, Pennsylvania, USA},
 pages = {252--259},
 numpages = {8},
 url = {http://doi.acm.org/10.1145/1080139.1080143},
 doi = {10.1145/1080139.1080143},
 acmid = {1080143},
 publisher = {ACM},
 address = {New York, NY, USA},
 keywords = {ad-hoc networks, delay tolerant networks, intermittent connectivity, routing},
} 

@inproceedings{MaxPropRouter:adicao,
 author = {Karvo, Jouni and Ott, J\"{o}rg},
 title = {Time scales and delay-tolerant routing protocols},
 booktitle = {Proceedings of the third ACM workshop on Challenged networks},
 series = {CHANTS '08},
 year = {2008},
 isbn = {978-1-60558-186-6},
 location = {San Francisco, California, USA},
 pages = {33--40},
 numpages = {8},
 url = {http://doi.acm.org/10.1145/1409985.1409993},
 doi = {10.1145/1409985.1409993},
 acmid = {1409993},
 publisher = {ACM},
 address = {New York, NY, USA},
 keywords = {delay-tolerant networking; dtn; routing; mobile ad-hoc networking; manet},
}

@INPROCEEDINGS{MaxPropRouter:original,
    author = {John Burgess and Brian Gallagher and David Jensen and Brian Neil Levine},
    title = {MaxProp: Routing for Vehicle-Based Disruption-Tolerant Networks},
    booktitle = {In Proc. IEEE INFOCOM},
    year = {2006}
}